001  0000170
005  20180808163341.470
008  170720s||||     bl|||||||||||||||||por|u
020    $a8571642761
040    $aPorto Alegre$bpor
080    $2981.03 $a1997
090    $a981.03 $bB744d
100 1  $aBosi, Alfredo
245 10 $aDialética da colonização$cAlfredo Bosi
260    $aSão Paulo$bCompanhia das letras$c1992
300    $a404 p.
650    $aBrasil
650    $aDesigualdade
650    $aLiberalismo
650    $aIndianismo 
650    $aColonização
650    $aHistória
650    $aPeríodo colonial
650    $aCultura
